% IMPORTANT: Latex special characters are: # $ % & \ ^ _ { } ~. To avoid mistakes when compiling the reference list try writing \ before. For: \ use \textbackslash ; for ^ \textasciitilde and ~ \textasciicircum.

% usage:
% - \parencite[prenote][postnote]{id}
% https://www.overleaf.com/learn/latex/How_to_Write_a_Thesis_in_LaTeX_(Part_4)%3A_Bibliographies_with_BibLaTeX


@article{bou2009computer,
  title   = {Computer Algebra System: A symbolic approach using {Maxima}},
  author  = {Bou-Fakhreddine, Bassam},
  journal = {Version},
  year    = {2009}
}

@article{davenport1994computer,
  title     = {Computer algebra - past, present and future},
  author    = {Davenport, James H},
  journal   = {Euromath Bulletin},
  volume    = {1},
  number    = {2},
  pages     = {25--44},
  year      = {1994},
  publisher = {Citeseer}
}

@article{lovelace1842sketch,
  title   = {Sketch of the analytical engine invented by {Charles Babbage}, by {LF Menabrea}, officer of the military engineers, with notes upon the memoir by the translator},
  author  = {Lovelace, Augusta Ada},
  journal = {Taylor's Scientific Memoirs},
  volume  = {3},
  pages   = {666--731},
  year    = {1842}
}

@article{kahrimanian1953analytical,
  title   = {Analytical differentiation by a digital computer},
  author  = {Kahrimanian, Harry G},
  journal = {MA Thesis, Temple University},
  year    = {1953}
}

@phdthesis{nolan1953analytical,
  title  = {Analytical differentiation on a digital computer},
  author = {Nolan, John F},
  year   = {1953},
  school = {Massachusetts Institute of Technology}
}

@article{laue2019equivalence,
  title   = {On the equivalence of automatic and symbolic differentiation},
  author  = {Laue, SÃ¶ren},
  journal = {arXiv preprint arXiv:1904.02990},
  year    = {2019}
}

@article{mccarthy1960recursive,
  title     = {Recursive functions of symbolic expressions and their computation by machine, part {I}},
  author    = {McCarthy, John},
  journal   = {Communications of the ACM},
  volume    = {3},
  number    = {4},
  pages     = {184--195},
  year      = {1960},
  publisher = {ACM New York, NY, USA}
}

@article{birch1965notes,
  title     = {Notes on elliptic curves. {II}.},
  author    = {Birch, Bryan John and Swinnerton-Dyer, Henry Peter Francis},
  year      = {1965},
  publisher = {Walter de Gruyter, Berlin/New York Berlin, New York}
}

@book{gascon1998history,
  title     = {A history of the development of computer algebra systems},
  author    = {Gascon-Brewton, Jackeline Mercedes},
  year      = {1998},
  publisher = {University of Houston-Clear Lake}
}

@inproceedings{engelman1971legacy,
  title     = {The legacy of {MATHLAB} 68},
  author    = {Engelman, Carl},
  booktitle = {Proceedings of the second ACM symposium on Symbolic and algebraic manipulation},
  pages     = {29--41},
  year      = {1971}
}

@inproceedings{engelman1968mathlab,
  author    = {Carl Engelman},
  editor    = {A. J. H. Morrel},
  title     = {{MATHLAB} 68},
  booktitle = {Information Processing, Proceedings of IFIP Congress 1968, Edinburgh,
               UK, 5-10 August 1968, Volume 1 - Mathematics, Software},
  pages     = {462--467},
  year      = {1968},
  timestamp = {Tue, 13 Apr 2021 15:13:03 +0200},
  biburl    = {https://dblp.org/rec/conf/ifip/Engelmann68.bib},
  bibsource = {dblp computer science bibliography, https://dblp.org}
}

@book{touretzky2013common,
  title     = {Common {LISP}: A gentle introduction to symbolic computation},
  author    = {Touretzky, David S},
  year      = {2013},
  publisher = {Courier Corporation}
}

@book{hardy1916integration,
  title     = {The integration of functions of a single variable},
  author    = {Hardy, Godfrey Harold},
  number    = {2},
  year      = {1916},
  publisher = {University Press}
}

@inproceedings{korsvold1966line,
  title     = {An on line program for non-numerical algebra},
  author    = {Korsvold, Knut},
  booktitle = {Proceedings of the first ACM symposium on Symbolic and algebraic manipulation},
  pages     = {1301--1314},
  year      = {1966}
}

@book{geddes1992algorithms,
  title     = {Algorithms for computer algebra},
  author    = {Geddes, Keith O and Czapor, Stephen R and Labahn, George},
  year      = {1992},
  publisher = {Springer Science \& Business Media}
}

@inproceedings{millen1967charybdis,
  title     = {{CHARYBDIS}: A {LISP} program to display mathematical expressions on typewriter-like devices},
  author    = {Millen, Jonathan K},
  booktitle = {Symposium on Interactive Systems for Experimental Applied Mathematics: Proceedings of the Association for Computing Machinery Inc. Symposium},
  pages     = {155--163},
  year      = {1967}
}

@article{slagle1963heuristic,
  title     = {A heuristic program that solves symbolic integration problems in freshman calculus},
  author    = {Slagle, James R},
  journal   = {Journal of the ACM (JACM)},
  volume    = {10},
  number    = {4},
  pages     = {507--520},
  year      = {1963},
  publisher = {ACM New York, NY, USA}
}

@article{moses1967symbolic,
  title  = {Symbolic integration},
  author = {Moses, Joel},
  year   = {1967}
}

@article{sammet1964introduction,
  author   = {Sammet, J. E. and Bond, E. R.},
  journal  = {IEEE Transactions on Electronic Computers},
  title    = {Introduction to {FORMAC}},
  year     = {1964},
  volume   = {EC-13},
  number   = {4},
  pages    = {386-394},
  keywords = {Design engineering;Humans;Large-scale systems;Writing;Digital arithmetic;Distributed control;System testing;Numerical analysis;Program processors;Mathematics},
  doi      = {10.1109/PGEC.1964.263819}
}

@inproceedings{brown1966language,
  title     = {A language and system for symbolic algebra on a digital computer},
  author    = {Brown, William S},
  booktitle = {Proceedings of the first ACM symposium on Symbolic and algebraic manipulation},
  pages     = {501--540},
  year      = {1966}
}

@inproceedings{martin1971macsyma,
  title     = {The {MACSYMA} system},
  author    = {Martin, William A and Fateman, Richard J},
  booktitle = {Proceedings of the second ACM symposium on Symbolic and algebraic manipulation},
  pages     = {59--75},
  year      = {1971}
}

